
@misc{IBM15,
  author        ={IBM},
  title         ={Using select() for I/O multiplexing},
  url           ={http://publib.boulder.ibm.com/html/as400/v4r5/ic2979/info/RZAB6IOMULTI.HTM},
  urlaccessdate ={Maio, 2015},
  year          ={2015},
}

@book{SPR05,
  author        ={Springer},
  title         ={Modelling for Distributed Network Systems: The Client-Server Model}
  year          ={2005},
}

@misc{LIN15,
  author        ={Linux Programmer's Manual},
  title         ={libc - overview of standard C libraries on Linux},
  url           ={http://man7.org/linux/man-pages/man7/libc.7.html},
  urlaccessdate ={Maio, 2015},
  year          ={2015},
}